% Source: https://dblp.org/
% * Accents in author names fixed.
% * Capitalizations in titles fixed (e.g., EfficientNet).
% * Editor field removed.

@inproceedings{emersic2017,
  author    = {Emer{\v{s}}i{\v{c}}, {\v{Z}}iga and {\v{S}}tepec, Dejan and {\v{S}}truc, Vitomir and Peer, Peter},
  title     = {Training Convolutional Neural Networks with Limited Training Data
               for Ear Recognition in the Wild},
  booktitle = {12th {IEEE} International Conference on Automatic Face {\&} Gesture
               Recognition, {FG} 2017, Washington, DC, USA, May 30 - June 3, 2017},
  pages     = {987--994},
  publisher = {{IEEE} Computer Society},
  year      = {2017},
  url       = {https://doi.org/10.1109/FG.2017.123},
  doi       = {10.1109/FG.2017.123},
  timestamp = {Sun, 25 Oct 2020 23:09:18 +0100},
  biburl    = {https://dblp.org/rec/conf/fgr/EmersicSSP17.bib},
  bibsource = {dblp computer science bibliography, https://dblp.org}
}

@inproceedings{efficientNet,
  author    = {Mingxing Tan and
               Quoc V. Le},
  title     = {{E}fficient{N}et: Rethinking Model Scaling for Convolutional Neural Networks},
  booktitle = {Proceedings of the 36th International Conference on Machine Learning,
               {ICML} 2019, 9-15 June 2019, Long Beach, California, {USA}},
  series    = {Proceedings of Machine Learning Research},
  volume    = {97},
  pages     = {6105--6114},
  publisher = {{PMLR}},
  year      = {2019},
  url       = {http://proceedings.mlr.press/v97/tan19a.html},
  timestamp = {Tue, 11 Jun 2019 15:37:38 +0200},
  biburl    = {https://dblp.org/rec/conf/icml/TanL19.bib},
  bibsource = {dblp computer science bibliography, https://dblp.org}
}

@inproceedings{imageNet,
  author    = {Jia Deng and
               Wei Dong and
               Richard Socher and
               Li{-}Jia Li and
               Kai Li and
               Fei{-}Fei Li},
  title     = {{I}mage{N}et: {A} large-scale hierarchical image database},
  booktitle = {2009 {IEEE} Computer Society Conference on Computer Vision and Pattern
               Recognition {(CVPR} 2009), 20-25 June 2009, Miami, Florida, {USA}},
  pages     = {248--255},
  publisher = {{IEEE} Computer Society},
  year      = {2009},
  url       = {https://doi.org/10.1109/CVPR.2009.5206848},
  doi       = {10.1109/CVPR.2009.5206848},
  timestamp = {Fri, 27 Mar 2020 08:56:42 +0100},
  biburl    = {https://dblp.org/rec/conf/cvpr/DengDSLL009.bib},
  bibsource = {dblp computer science bibliography, https://dblp.org}
}

@article{dodge2018,
  author    = {Samuel F. Dodge and
               Jinane Mounsef and
               Lina J. Karam},
  title     = {Unconstrained ear recognition using deep neural networks},
  journal   = {{IET} Biom.},
  volume    = {7},
  number    = {3},
  pages     = {207--214},
  year      = {2018},
  url       = {https://doi.org/10.1049/iet-bmt.2017.0208},
  doi       = {10.1049/iet-bmt.2017.0208},
  timestamp = {Wed, 01 Apr 2020 08:42:19 +0200},
  biburl    = {https://dblp.org/rec/journals/iet-bmt/DodgeMK18.bib},
  bibsource = {dblp computer science bibliography, https://dblp.org}
}

@incollection{emersic2019,
  author    = {Emer{\v{s}}i{\v{c}}, {\v{Z}}iga and Kri{\v{z}}aj, Janez and {\v{S}}truc, Vitomir and Peer, Peter},
  title     = {Deep Ear Recognition Pipeline},
  booktitle = {Recent Advances in Computer Vision - Theories and Applications},
  series    = {Studies in Computational Intelligence},
  volume    = {804},
  pages     = {333--362},
  publisher = {Springer},
  year      = {2019},
  url       = {https://doi.org/10.1007/978-3-030-03000-1\_14},
  doi       = {10.1007/978-3-030-03000-1\_14},
  timestamp = {Sat, 19 Oct 2019 19:02:26 +0200},
  biburl    = {https://dblp.org/rec/series/sci/EmersicKSP19.bib},
  bibsource = {dblp computer science bibliography, https://dblp.org}
}

@article{eyiokur2017,
  author    = {Fevziye Irem Eyiokur and
               Dogucan Yaman and
               Haz{\i}m Kemal Ekenel},
  title     = {Domain adaptation for ear recognition using deep convolutional neural
               networks},
  journal   = {{IET} Biom.},
  volume    = {7},
  number    = {3},
  pages     = {199--206},
  year      = {2018},
  url       = {https://doi.org/10.1049/iet-bmt.2017.0209},
  doi       = {10.1049/iet-bmt.2017.0209},
  timestamp = {Wed, 01 Apr 2020 08:42:22 +0200},
  biburl    = {https://dblp.org/rec/journals/iet-bmt/EyiokurYE18.bib},
  bibsource = {dblp computer science bibliography, https://dblp.org}
}

@article{zhang2018,
  author    = {Yi Zhang and
               Zhichun Mu and
               Li Yuan and
               Chen Yu},
  title     = {Ear verification under uncontrolled conditions with convolutional
               neural networks},
  journal   = {{IET} Biom.},
  volume    = {7},
  number    = {3},
  pages     = {185--198},
  year      = {2018},
  url       = {https://doi.org/10.1049/iet-bmt.2017.0176},
  doi       = {10.1049/iet-bmt.2017.0176},
  timestamp = {Wed, 01 Apr 2020 08:42:23 +0200},
  biburl    = {https://dblp.org/rec/journals/iet-bmt/ZhangMYY18.bib},
  bibsource = {dblp computer science bibliography, https://dblp.org}
}

@article{emersic2017ear,
  author    = {Emer{\v{s}}i{\v{c}}, {\v{Z}}iga and {\v{S}}truc, Vitomir and Peer, Peter},
  title     = {Ear recognition: More than a survey},
  journal   = {Neurocomputing},
  volume    = {255},
  pages     = {26--39},
  year      = {2017},
  url       = {https://doi.org/10.1016/j.neucom.2016.08.139},
  doi       = {10.1016/j.neucom.2016.08.139},
  timestamp = {Mon, 10 Jul 2017 18:07:26 +0200},
  biburl    = {https://dblp.org/rec/journals/ijon/EmersicSP17.bib},
  bibsource = {dblp computer science bibliography, https://dblp.org}
}

@article{emersic2018,
  author    = {Emer{\v{s}}i{\v{c}}, {\v{Z}}iga and Gabriel, Luka L and {\v{S}}truc, Vitomir and Peer, Peter},
  title     = {Convolutional encoder-decoder networks for pixel-wise ear detection
               and segmentation},
  journal   = {{IET} Biom.},
  volume    = {7},
  number    = {3},
  pages     = {175--184},
  year      = {2018},
  url       = {https://doi.org/10.1049/iet-bmt.2017.0240},
  doi       = {10.1049/iet-bmt.2017.0240},
  timestamp = {Sat, 09 Jan 2021 14:13:21 +0100},
  biburl    = {https://dblp.org/rec/journals/iet-bmt/EmersicGSP18.bib},
  bibsource = {dblp computer science bibliography, https://dblp.org}
}

@inproceedings{chen2014semantic,
  author    = {Liang{-}Chieh Chen and
               George Papandreou and
               Iasonas Kokkinos and
               Kevin Murphy and
               Alan L. Yuille},
  title     = {Semantic Image Segmentation with Deep Convolutional Nets and Fully
               Connected {CRF}s},
  booktitle = {3rd International Conference on Learning Representations, {ICLR} 2015,
               San Diego, CA, USA, May 7-9, 2015, Conference Track Proceedings},
  year      = {2015},
  url       = {http://arxiv.org/abs/1412.7062},
  timestamp = {Thu, 25 Jul 2019 14:25:40 +0200},
  biburl    = {https://dblp.org/rec/journals/corr/ChenPKMY14.bib},
  bibsource = {dblp computer science bibliography, https://dblp.org}
}

@article{tan2020efficientdet,
  author    = {Mingxing Tan and
               Ruoming Pang and
               Quoc V. Le},
  title     = {{E}fficient{D}et: Scalable and Efficient Object Detection},
  journal   = {CoRR},
  volume    = {abs/1911.09070},
  year      = {2019},
  url       = {http://arxiv.org/abs/1911.09070},
  archivePrefix = {arXiv},
  eprint    = {1911.09070},
  timestamp = {Tue, 03 Dec 2019 14:15:54 +0100},
  biburl    = {https://dblp.org/rec/journals/corr/abs-1911-09070.bib},
  bibsource = {dblp computer science bibliography, https://dblp.org}
}
